@online{ConsultantPlus,
  title = {Как писать электронные письма по всем правилам},
  url   = {https://www.consultant.ru/edu/student/useful_advice/delovaya_perepiska_o_chem_ne_zabyt}
}

@online{Beckett,
  title = {A Simple Guide to Email Communication Guidelines and Protocols},
  url   = {https://www.scribd.com/document/560397425/Email-Guidelines}
}

@online{Bolton,
  title = {Internal Email (Staff-to-Staff) Use Policy and General Email Guidance for Staff},
  url   = {https://www.bolton.ac.uk/assets/Uploads/Email-Use-Policy-and-Guidance-March-2020-Final.pdf}
}

@online{Liverpool,
  title = {Guidance on effective use of email},
  url   = {https://www.liverpool.ac.uk/it/email/effectiveuseofemail}
}

@online{Sussex,
  title = {Using email},
  url   = {https://www.sussex.ac.uk/brand/staff/email}
}

@online{WallStreet,
  title = {How to Write Formal Emails in English},
  url   = {https://www.wallstreetenglish.com/blog/how-to-write-formal-emails-in-english}
}
